@article{zanger2013,
author = {Zanger, UM and Schwab, M},
title = {Cytochrome P450 enzymes in drug metabolism: Regulation of gene expression, enzyme activities, and impact of genetic variation},
journal = {Pharmacology \& Therapeutics},
volume = {138},
pages = {103-141},
year = {2013},
}

@article{brown1997,
author = {Brown, L and Elliot, T},
title = {Mutations That Increase Expression of the rpoS Gene and Decrease Its Dependence on hfq Function in Salmonella typhimurium},
journal = {J. Bacteriol.},
volume = {179},
number = {3},
pages = {656-662},
year = {1997},
}

@article{allison2012,
author = {Allison, SD},
title = {A trait-based approach for modelling microbial litter decomposition},
journal = {Ecology Letters},
volume = {15},
pages = {1058-1070},
year = {2012},
}

@article{allison2017,
author = {Allison, SD and Goulden, ML},
title = {Consequences of drought tolerance traits for microbial decompositionin the DEMENT model},
journal = {Soil Biology \& Biochemistry},
volume = {107},
pages = {104-113},
year = {2017},
}
