/home/mikeg/BiBTeX/bibliography.full.bib