@book{edwards1984likelihood,
  title={Likelihood},
  author={Edwards, A.W.F.},
  isbn={9780521318716},
  lccn={lc84014282},
  series={Cambridge science classics},
  url={https://books.google.com/books?id=LL08AAAAIAAJ},
  year={1984},
  publisher={Cambridge University Press}
}

@article{revbayes,
author = {HÃ¶hna, Sebastian and Landis, Michael J. and Heath, Tracy A. and Boussau, Bastien and Lartillot, Nicolas and Moore, Brian R. and Huelsenbeck, John P. and Ronquist, Fredrik},
title = {RevBayes: Bayesian Phylogenetic Inference Using Graphical Models and an Interactive Model-Specification Language},
journal = {Systematic Biology},
volume = {65},
number = {4},
pages = {726},
year = {2016},
doi = {10.1093/sysbio/syw021},
URL = { + http://dx.doi.org/10.1093/sysbio/syw021},
eprint = {/oup/backfile/Content_public/Journal/sysbio/65/4/10.1093_sysbio_syw021/3/syw021.pdf}
}